<record><leader>00000cas a22000007a 4500</leader><controlfield tag="001">22496818</controlfield><controlfield tag="008">901011d19531955couwr ne      0    0eng d</controlfield><datafield ind1=" " ind2=" " tag="010"><subfield code="a">sn 90051768 </subfield></datafield><datafield ind1=" " ind2=" " tag="040"><subfield code="a">CNQ</subfield><subfield code="b">eng</subfield><subfield code="c">CNQ</subfield><subfield code="d">OCLCQ</subfield></datafield><datafield ind1=" " ind2=" " tag="042"><subfield code="a">msc</subfield></datafield><datafield ind1="0" ind2="4" tag="245"><subfield code="a">The Adams County sentinel.</subfield></datafield><datafield ind1=" " ind2=" " tag="260"><subfield code="a">Brighton, Adams County, Colo. :</subfield><subfield code="b">Adco Press</subfield></datafield><datafield ind1=" " ind2=" " tag="300"><subfield code="a">v.</subfield></datafield><datafield ind1=" " ind2=" " tag="310"><subfield code="a">Weekly</subfield></datafield><datafield ind1="0" ind2=" " tag="362"><subfield code="a">Vol. 29, no. 11 (Jan. 8, 1953)-v. 31, no. 45 (Sept. 1, 1955).</subfield></datafield><datafield ind1=" " ind2=" " tag="530"><subfield code="a">Available on microfilm from the Colorado Historical Society.</subfield></datafield><datafield ind1=" " ind2=" " tag="752"><subfield code="a">United States</subfield><subfield code="b">Colorado</subfield><subfield code="c">Adams</subfield><subfield code="d">Brighton.</subfield></datafield><datafield ind1="0" ind2="0" tag="780"><subfield code="t">Adams County republican</subfield><subfield code="w">(DLC)sn 90051502</subfield></datafield><datafield ind1="0" ind2="4" tag="785"><subfield code="t">Brighton blade</subfield><subfield code="w">(DLC)sn 89052009</subfield></datafield></record>